\bibliographystyle{abbrv}

\begin{thebibliography}{10}

\bibitem{AS}
B. Alpern, F. B. Schneider,
Recognizing safety and liveness. Distributed Computing 2(3): 117-126, 1987.

\bibitem{LOLA}
B.~D'Angelo, S.~Sankaranarayanan, C.~S\'{a}nchez, W.~Robinson,
B.~Finkbeiner, H.~B.~Sipma, S.~Mehrotra, Z.~Manna: LOLA: Runtime
monitoring of synchronous systems, TIME 2005, 166-174.

\bibitem{bartocci18} E. Bartocci, Y. Falcone, A. Francalanza, M. Leucker, G. Reger, An introduction to runtime verification, lectures on runtime verification - introductory and  advanced topics, LNCS Volume 10457, Springer, 1-23, 2018.

\bibitem{agrebasin} D. A. Basin, F. Klaedtke, S. Marinovic, E.n Zalinescu,
Monitoring of temporal first-order properties with aggregations. Formal Methods in System Design 46(3): 262-285, 2015.


%\bibitem{BasinGang} D. A. Basin, C. C.i Jim\'{e}nez, . Klaedtke, E. Zalinescu, Deciding safety and liveness in TPTL. Information Processing Letters 114(12), 680-688, 2014.

\bibitem{Ugly}
A. Bauer, M. Leucker, C. Schallhart,
The good, the bad, and the ugly, but how ugly is ugly?,
RV'07, LNCS Volume 4839, Springer, 126-138, 2007.

%A. Bauer, M. Leucker, C. Schallhart,
%Runtime verification for LTL and TLTL. ACM Trans. Software Engineering Methodologies, 20(4): 14:1-14:64, 2011.


\bibitem{Green-berg} J. Bohn, W. Damm, O. Grumberg, H. Hungar, K. Laster,
First-order CTL model checking. FSTTCS 1998: 283-294.

\bibitem{Bryant}
R.~E.~Bryant, Symbolic Boolean manipulation with ordered binary-decision
diagrams, ACM Computing Survety 24(3), 293-318, 1992.

\bibitem{McMillan}
	J. R. Burch, E. M. Clarke, K. L. McMillan, D. L. Dill, L. J. Hwang.
Symbolic model checking: $10^{20}$ states and beyond, Information and Computation 98(2): 142-170 (1992).



\bibitem{Chomicki} J. Chomicki,
Efficient checking of temporal integrity constraints using bounded history encoding. ACM Trans. Database Syst. 20(2): 149-186, 1995.

%\bibitem{CGP} E. M. Clarke, O. Grumberg, D. Peled, Model checking, MIT Press, 2000.

\bibitem{Flum} H.-D. Ebbinghaus, J. Flum, W. Thomas,
Mathematical logic. Undergraduate texts in mathematics, Springer 1984.

\bibitem{larva}	C. Colombo, G. J. Pace, and G. Schneider. LARVA - Safer monitoring of real-time Java programs. In 7th IEEE International Conference on Software Engineering and Formal Methods (SEFM'09), pages 33-37, Hanoi, Vietnam, 23-27 November 2009. IEEE Computer Society.

%\bibitem{DL} V. Diekert, M. Leucker, Topology, monitorable properties and runtime verification. Theoretical Computer Science 537: 29-41, 2014.

%\bibitem{DKJ} O. Drissi-Kaitouni, C. Jard, Compiling temporal logic specifications into observers, INRIA Research Report RR-0881, 1988.

%\bibitem{FFM09} Y. Falcone, J.-C. Fernandez, L. Mounier, Runtime verification of safety/progress properties,  RV'09, LNCS Volume 5779, Springer, 40-59, 2009.

\bibitem{FFM} Y. Falcone, J.-C. Fernandez, L. Mounier, What can you verify and enforce at runtime? STTT 14(3), 349-382, 2012.

\bibitem{Grum} H. Frenkel, O. Grumberg, S. Sheinvald,
An automata-theoretic approach to modeling systems and 
specifications over infinite data. NFM 2017, 1-18.

%\bibitem{FJJV97} J.-C. Fernandez, C. Jard, T. J\'{e}ron, C. Viho,
%An experiment in automatic generation of test suites for protocols 
%with verification technology. 
%Sci. Comput. Program. 29(1-2), 123-146, 1997.

%\bibitem{GPVW}
%R. Gerth, D. A. Peled, M. Y. Vardi, P. Wolper,
%Simple on-the-fly automatic verification of linear temporal logic. PSTV 1995: 3-18.


\bibitem{halle-beepbeep-ieee-12}
S.~Hall{\'e}, R.~Villemaire,
Runtime enforcement of web service message contracts with data,
IEEE Transactions on Services Computing,
Volume 5 Number 2,
2012.

\bibitem{havelund-logfire-sttt14}
K. Havelund,
Rule-based runtime verification revisited,
STTT 17(2), 143-170, 2015.

\bibitem{HP}
K. Havelund, D. Peled,
Efficient runtime verification of first-order temporal properties. SPIN 2018, Malaga, Spain, 26-47.

\bibitem{HPU}
K. Havelund, D. A. Peled, D. Ulus, 
First-order temporal logic monitoring with BDDs, FMCAD 2017, 116-123.

\bibitem{HPU-FMSD}
K. Havelund, D. A. Peled, D. Ulus,
First-order temporal logic monitoring with BDDs,  Formal Methods in System Design: 1-21,  2019.

\bibitem{havelund-rv-data-2018} K. Havelund, G. Reger, D. Thoma, and E. Z\u alinescu, Monitoring events that carry data, lectures on runtime verification - introductory and  advanced topics, LNCS Volume 10457, Springer, 61-102, 2018.

\bibitem{HR}
K.~Havelund, G.~Rosu, Synthesizing monitors for safety properties,
TACAS'02, LNCS Volume 2280, Springer, 342-356, 2002.

\bibitem{Libkin}
L. Hella, L. Libkin, J. Nurmonen, L. Wong,
Logics with aggregate operators. J. ACM 48(4): 880-907, 2001.

\bibitem{psl-standard-2010}
IEEE Standard for Property Specification Language (PSL), Annex B. IEEE Std 1850TM-2010, 2010.

%\bibitem{IsbernerHowarSteffen2014} M. Isberner, F. Howar, B. 
%Steffen, The TTT algorithm: a redundancy-free approach to 
%active automata learning, RV'14, LNCS Volume 8734, 
%Springer, 307-322, 2014.

%\bibitem{Isberner2014} M. Isberner, F. Howar, B. Steffen,
%Learning register automata: from languages to program structures, 
%Mach. Learn. 96(1-2), Kluwer Academic Publishers, 65-98, 2014.

%\bibitem{Isberner2015} M. Isberner, F. Howar, B. Steffen,
%The open-source LearnLib, CAV'15, 
%LNCS Volume 9206, Springer, 487-495, 2015.

\bibitem{javabdd} JavaBDD, http://javabdd.sourceforge.net.

%\bibitem{KgV}
%O. Kupferman, G. Vardi,
%On relative and probabilistic finite counterability. Formal Methods in System Design 52(2): 117-146, 2018.

\bibitem{KV}
O. Kupferman, M. Y. Vardi,
Model checking of safety properties. Formal Methods in System Design 19(3): 291-314, 2001.

%\bibitem{Lamport}
%L. Lamport,
%Proving the correctness of multiprocess programs. IEEE Trans. Software Eng. 3(2): 125-143, 1977.

%\bibitem{Larsen2016} K. G. Larsen, A. Legay,
%Statistical model checking: past, present, and future,
%ISoLA'16, LNCS Volume 9953, Springer, 3-15, 2016.

\bibitem{MP}
Z. Manna, A. Pnueli, 
The Temporal Logic of Reactive and Concurrent Systems - Specification. Springer, 1992.

\bibitem{Meredith2011}
P.~O.~Meredith,  D.~Jin, D.~Griffith, F.~Chen, G.~Rosu,
An overview of the MOP runtime verification framework,
STTT, Springer, 249-289, 2011.

\bibitem{msl}
Mars Science Laboratory (MSL) mission website. 
\url{http://mars.jpl.nasa.gov/msl}.

%\bibitem{Peled99} D. A. Peled, M. Y. Vardi, M. Yannakakis,
%Black box checking, FORTE/PSTV'99, IFIP Conference Proceedings Volume 156, Kluwer, 225-240, 1999.

%\bibitem{PZ}
%A. Pnueli, A. Zaks,
%PSL model checking and run-time verification via testers. FM'06, LNCS Volume 4085, Springer, 573-586, 2006.

\bibitem{Reger2015}
G.~Reger, H.~Cruz, D.~Rydeheard,
MarQ: Monitoring at runtime with QEA,
Proceedings of the 21st International Conference on Tools and 
Algorithms for  the Construction and Analysis of Systems (TACAS 2015),
Springer,
2015.

%\bibitem{Safra}
%S. Safra,
%On the complexity of omega-automata, FOCS 1988, 319-327.

\bibitem{sistla-phd-83}
A. P. Sistla,
Theoretical Issues in the Design and Analysis of Distributed Systems,
Ph.D Thesis, Harvard University, 1983.

%\bibitem{Sistla}
%A. P. Sistla,
%Safety, liveness and fairness in temporal logic, Formal Aspects of Computing 6(5): 495-512, 1994.

%\bibitem{SC}
%A. P. Sistla, E. M. Clarke,
%The Complexity of Propositional Linear Temporal Logics, STOC 1982: 159-168.

\bibitem{Thomas} W. Thomas, Automata on infinite objects, Handbook of Theoretical Computer Science, Volume B: Formal Models and Semantics, 133-192, 1990.

%\bibitem{VW} M. Y. Vardi, P. Wolper,
%Automata-theoretic techniques for modal logics of programs, %Journal of Computer System Science 32(2): 183-221, 1986.

\bibitem{Wolper} P. Wolper, Temporal logic can be more expressive, Information and Control 56(1/2): 72-99, 1983.

\bibitem{WVS} P. Wolper, M. Y. Vardi, A. P. Sistla:
Reasoning about infinite computation paths (Extended Abstract). FOCS 1983, 185-194. 

\end{thebibliography}





